%% This BibTeX bibliography file was created using BibDesk.
%% http://bibdesk.sourceforge.net/


%% Created for John Swoboda at 2014-09-22 14:55:26 -0400 


%% Saved with string encoding Unicode (UTF-8) 



@book{Balanis:2005:ATA:1208379,
	Author = {Balanis, Constantine A.},
	Date-Added = {2014-09-22 18:55:22 +0000},
	Date-Modified = {2014-09-22 18:55:22 +0000},
	Isbn = {0471714623},
	Publisher = {Wiley-Interscience},
	Title = {Antenna Theory: Analysis and Design},
	Year = {2005}}

@techreport{Allen1966,
	Address = {Lexington, MA},
	Author = {Allen, J.L. and Diamond, B.L.},
	File = {:Users/Adam/Library/Application Support/Mendeley Desktop/Downloaded/Allen, Diamond - 1966 - Mutual coupling in array antennas.pdf:pdf},
	Institution = {Lincoln Laboratory Massachusetts Institute of Technology},
	Mendeley-Groups = {AMISR mutual coupling},
	Pages = {1--59},
	Title = {{MIT Lincoln Laboratory Technical Report No. 424: Mutual coupling in array antennas}},
	Url = {http://oai.dtic.mil/oai/oai?verb=getRecord\&metadataPrefix=html\&identifier=AD0648153},
	Year = {1966},
	Bdsk-Url-1 = {http://oai.dtic.mil/oai/oai?verb=getRecord%5C&metadataPrefix=html%5C&identifier=AD0648153}}

@article{Coifman1993,
	Author = {Coifman, R. and Rokhlin, V. and Wandzura, S.},
	Doi = {10.1109/APS.1993.385405},
	File = {:Users/Adam/Library/Application Support/Mendeley Desktop/Downloaded/Coifman, Rokhlin, Wandzura - 1993 - The fast multipole method for electromagnetic scattering calculations.pdf:pdf},
	Isbn = {0-7803-1246-5},
	Journal = {Proceedings of IEEE Antennas and Propagation Society International Symposium},
	Mendeley-Groups = {AMISR mutual coupling},
	Pages = {48--51},
	Publisher = {Ieee},
	Title = {{The fast multipole method for electromagnetic scattering calculations}},
	Url = {http://ieeexplore.ieee.org/lpdocs/epic03/wrapper.htm?arnumber=385405},
	Year = {1993},
	Bdsk-Url-1 = {http://ieeexplore.ieee.org/lpdocs/epic03/wrapper.htm?arnumber=385405},
	Bdsk-Url-2 = {http://dx.doi.org/10.1109/APS.1993.385405}}

@article{Craeye2011,
	Author = {Craeye, C. and Gonz\'{a}lez-Ovejero, D.},
	Doi = {10.1029/2010RS004518},
	File = {:Users/Adam/Library/Application Support/Mendeley Desktop/Downloaded/Craeye, Gonz\'{a}lez-Ovejero - 2011 - A review on array mutual coupling analysis.pdf:pdf},
	Issn = {00486604},
	Journal = {Radio Science},
	Mendeley-Groups = {AMISR mutual coupling},
	Month = apr,
	Number = {2},
	Pages = {n/a--n/a},
	Title = {{A review on array mutual coupling analysis}},
	Url = {http://doi.wiley.com/10.1029/2010RS004518},
	Volume = {46},
	Year = {2011},
	Bdsk-Url-1 = {http://doi.wiley.com/10.1029/2010RS004518},
	Bdsk-Url-2 = {http://dx.doi.org/10.1029/2010RS004518}}

@article{Hui2010,
	Author = {Hui, Hon Tat and Bialkowski, Marek E. and Lui, Hoi Shun},
	Doi = {10.1155/2010/736701},
	File = {:Users/Adam/Library/Application Support/Mendeley Desktop/Downloaded/Hui, Bialkowski, Lui - 2010 - Mutual Coupling in Antenna Arrays.pdf:pdf},
	Issn = {1687-5869},
	Journal = {International Journal of Antennas and Propagation},
	Mendeley-Groups = {AMISR mutual coupling},
	Pages = {1--2},
	Title = {{Mutual Coupling in Antenna Arrays}},
	Url = {http://www.hindawi.com/journals/ijap/2010/736701/},
	Volume = {2010},
	Year = {2010},
	Bdsk-Url-1 = {http://www.hindawi.com/journals/ijap/2010/736701/},
	Bdsk-Url-2 = {http://dx.doi.org/10.1155/2010/736701}}

@book{Jin2010,
	Author = {Jin, J-M},
	Booktitle = {Theory and Computation of Electromagnetic Fields},
	Mendeley-Groups = {AMISR mutual coupling},
	Publisher = {Wiley},
	Title = {{Theory and Computation of Electromagnetic Fields}},
	Year = {2010}}

@incollection{Jin2009,
	Author = {Jin, J-M and Riley, D. J.},
	Booktitle = {Finite Element Analysis of Antennas and Arrays},
	Chapter = {10},
	File = {:Users/Adam/Library/Application Support/Mendeley Desktop/Downloaded/Unknown - Unknown - No Title(2).pdf:pdf},
	Mendeley-Groups = {AMISR mutual coupling},
	Pages = {336--387},
	Publisher = {Wiley-IEEE Press},
	Title = {{Finite Phased-Array Modeling}},
	Url = {http://scholar.google.com/scholar?hl=en\&btnG=Search\&q=intitle:No+Title\#0},
	Year = {2009},
	Bdsk-Url-1 = {http://scholar.google.com/scholar?hl=en%5C&btnG=Search%5C&q=intitle:No+Title%5C#0}}

@article{Kelley1993,
	Author = {Kelley, D.F. and Stutzman, W.L.},
	Doi = {10.1109/8.273305},
	File = {:Users/Adam/Library/Application Support/Mendeley Desktop/Downloaded/Kelley, Stutzman - 1993 - Array antenna pattern modeling methods that include mutual coupling effects.pdf:pdf},
	Issn = {0018926X},
	Journal = {IEEE Transactions on Antennas and Propagation},
	Mendeley-Groups = {AMISR mutual coupling},
	Number = {12},
	Pages = {1625--1632},
	Title = {{Array antenna pattern modeling methods that include mutual coupling effects}},
	Url = {http://ieeexplore.ieee.org/lpdocs/epic03/wrapper.htm?arnumber=273305},
	Volume = {41},
	Year = {1993},
	Bdsk-Url-1 = {http://ieeexplore.ieee.org/lpdocs/epic03/wrapper.htm?arnumber=273305},
	Bdsk-Url-2 = {http://dx.doi.org/10.1109/8.273305}}

@article{Shoory2010,
	Author = {Shoory, A and Smorgonskiy, A and Vega, F},
	File = {:Users/Adam/Library/Application Support/Mendeley Desktop/Downloaded/Shoory, Smorgonskiy, Vega - 2010 - Using COMSOL to Solve for Currents along a Thin-Wire Antenna Excited by a Lumped Source.pdf:pdf},
	Keywords = {current,efie,electric field integral,equation,fem,finite element method,method of moments,mom,thin-wire},
	Mendeley-Groups = {AMISR mutual coupling},
	Pages = {2--5},
	Title = {{Using COMSOL to Solve for Currents along a Thin-Wire Antenna Excited by a Lumped Source}},
	Year = {2010}}

@book{Stutzman1998,
	Author = {Stutzman, W.L. and Thiele, G.A.},
	Edition = {2d},
	Mendeley-Groups = {AMISR mutual coupling},
	Publisher = {Wiley},
	Title = {{Antenna Theory and Design}},
	Year = {1998}}

@book{Mahafza2013,
	Address = {New York},
	Author = {Mahafza, B.R.},
	Edition = {3d},
	Mendeley-Groups = {AMISR mutual coupling},
	Publisher = {CRC Press},
	Title = {{Radar Systems Analysis and Design Using Matlab}},
	Year = {2013}}

@book{EFEKOUser2013,
	Address = {Stellensbosch, South Africa},
	Mendeley-Groups = {AMISR mutual coupling},
	Publisher = {EM Software Systems},
	Title = {{FEKO User's Manual: Suite 6.3}},
	Year = {2013}}
